@inproceedings{chiarottoJornadasCloud,
  author    = {Cañibano, R. S. and Castagno, S. and Conchillo, M. and Chiarotto, G. and Rozas, C. and Zanellato, C. and Orlandi, C. and Balladini, J.},
  title     = {Towards a resilient e-health system for monitoring and early detection of severity in hospitalized patients during a pandemic},
  booktitle = {X Jornadas de Cloud Computing, Big Data \& Emerging Topics},
  year      = {2022},
  address   = {La Plata}
}
@mastersthesis{chiarotto2024covindex,
  author    = {Guillermo Agustín Chiarotto and Javier Balladini},
  title     = {Desarrollo de la aplicación móvil de COVINDEX para la detección temprana de severidad por COVID-19 en unidades de cuidados no intensivos},
  school    = {Universidad Nacional del Comahue, Facultad de Informática},
  year      = {2024},
  address   = {Neuquén, Argentina},
  type      = {Tesis de Licenciatura en Ciencias de la Computación}
}

@inproceedings{latorre2024alertar,
  author    = {Manuel Latorre and Mariano Conchillo and Rodrigo S. Cañibano and Javier Balladini},
  title     = {Implementación del núcleo de la aplicación móvil de ALERTAR, un sistema para vigilancia de pacientes hospitalizados y alertas tempranas de gravedad},
  booktitle = {Facultad de Informática, Universidad Nacional del Comahue},
  address   = {Buenos Aires 1400, 8300 Neuquén, Argentina},
  year      = {2024},
  note      = {\{manuel.latorre, mariano.conchillo, rcanibano, javier.balladini\}@fi.uncoma.edu.ar}
}


@misc{bancomundial_enfermeras_parteras,
  title={Enfermeras y parteras (por cada 1.000 personas). 2017-2018},
  author={{Banco Mundial}},
  howpublished={\url{https://datos.bancomundial.org/indicator/SH.MED.NUMW.P3?view=chart}},
  year={Fecha de acceso: 2024-02-18}
}

@article{lee2018systematic,
  title={A Systematic Review of Early Warning Systems’ Effects on Nurses' Clinical Performance and Adverse Events Among Deteriorating Ward Patients},
  author={Lee, J-R and Kim, E-M and Kim, S-A, et al.},
  journal={J Patient Saf},
  year={2018},
  note={Epub ahead of print 25 April 2018},
  doi={10.1097/PTS.0000000000000492}
}

@article{liao2020novel,
  title={Novel coronavirus infection during the 2019–2020 epidemic: preparing intensive care units—the experience in Sichuan Province, China},
  author={Liao, X and Wang, B and Kang, Y},
  journal={Intensive Care Medicine},
  year={2020},
  volume={46},
  pages={357--360}
}
@misc{intraMed,
  title = {¿Qué es intraMed?},
  author = {{intraMed}},
  year = {2024},
  url = {https://intramed.mx/que-es-intramed-err/},
  note = {Accedido: 24-05-2024}
}

@misc{Vitals360,
  title = {Vitals360},
  author = {{Vitals360}},
  year = {2024},
  url = {https://www.vitals360.mx/},
  note = {Accedido: 24-05-2024}
}
@misc{eWeLink,
  title = {eWeLink},
  author = {{eWeLink}},
  year = {2024},
  url = {https://ewelink.cc/},
  note = {Accedido: 24-05-2024}
}


@book{tcpillustratedvol1,
  title={Tcp/ip illustrated},
  author={Fall, Kevin R and Stevens, W Richard},
  volume={1},
  year={2012},
  publisher={Addison-Wesley Professional}
}

@book{schneier2007applied,
  title={Applied cryptography: protocols, algorithms, and source code in C},
  author={Schneier, Bruce},
  year={2007},
  publisher={john wiley \& sons}
}

@misc{stallings2005cryptography,
  title={Cryptography and network security principles and practices},
  author={Stallings, William},
  year={2005},
  publisher={Prentice Hall (New Jersey)}
}

@book{stallings2016network,
  title={Network security essentials: applications and standards},
  author={Stallings, William},
  year={2016},
  publisher={Pearson}
}

@misc{delfsintroduction,
  title={Introduction to Cryptography Principles and Applications (2007)},
  author={Delfs, H and Knebl, H},
  publisher={Springer}
}

@article{diffie1988first,
  title={The first ten years of public-key cryptography},
  author={Diffie, Whitfield},
  journal={Proceedings of the IEEE},
  volume={76},
  number={5},
  pages={560--577},
  year={1988},
  publisher={IEEE}
}

@incollection{diffie2022new,
  title={New directions in cryptography},
  author={Diffie, Whitfield and Hellman, Martin E},
  booktitle={Democratizing Cryptography: The Work of Whitfield Diffie and Martin Hellman},
  pages={365--390},
  year={2022}
}

@article{hellman2002overview,
  title={An overview of public key cryptography},
  author={Hellman, Martin E},
  journal={IEEE Communications Magazine},
  volume={40},
  number={5},
  pages={42--49},
  year={2002},
  publisher={[New York, Communications Society of Institute of Electrical and Electronics~…}
}

@book{galbraith2012mathematics,
  title={Mathematics of public key cryptography},
  author={Galbraith, Steven D},
  year={2012},
  publisher={Cambridge University Press}
}

@article{rivest1978method,
  title={A method for obtaining digital signatures and public-key cryptosystems},
  author={Rivest, Ronald L and Shamir, Adi and Adleman, Leonard},
  journal={Communications of the ACM},
  volume={21},
  number={2},
  pages={120--126},
  year={1978},
  publisher={ACM New York, NY, USA}
}

@inproceedings{bellare1996keying,
  title={Keying hash functions for message authentication},
  author={Bellare, Mihir and Canetti, Ran and Krawczyk, Hugo},
  booktitle={Advances in Cryptology—CRYPTO’96: 16th Annual International Cryptology Conference Santa Barbara, California, USA August 18--22, 1996 Proceedings 16},
  pages={1--15},
  year={1996},
  organization={Springer}
}

@misc{martin2017clean,
  title={Clean architecture},
  author={Martin, Robert C},
  year={2017},
  publisher={Prentice Hall}
}

@inproceedings{foster2008cloud,
  title={Cloud computing and grid computing 360-degree compared},
  author={Foster, Ian and Zhao, Yong and Raicu, Ioan and Lu, Shiyong},
  booktitle={2008 grid computing environments workshop},
  pages={1--10},
  year={2008},
  organization={Ieee}
}
@article{cloud2011nist,
  title={The nist definition of cloud computing},
  author={Cloud, H},
  journal={National Institute of Science and Technology, Special Publication},
  volume={800},
  number={2011},
  pages={145},
  year={2011}
}
@book{erl2013cloud,
  title={Cloud computing: concepts, technology \& architecture},
  author={Erl, Thomas and Puttini, Ricardo and Mahmood, Zaigham},
  year={2013},
  publisher={Pearson Education}
}
@book{tomar2023fog,
  title={Fog computing: concepts, frameworks, and applications},
  author={Tomar, Ravi and Katal, Avita and Dahiya, Susheela and Singh, Niharika and Choudhury, Tanupriya},
  year={2023},
  publisher={Chapman \& Hall/CRC Press}
}
@article{kumari2021edge,
  title={Edge Computing: Fundamentals, Advances and Applications},
  author={Kumari, K Anitha and Sadasivam, G Sudha and Dharani, D and Niranjanamurthy, M},
  year={2021},
  publisher={CRC Press}
}
@inproceedings{canibano2022towards,
  title={Towards a resilient e-health system for monitoring and early detection of severity in hospitalized patients during a pandemic},
  author={Ca{\~n}ibano, Rodrigo S and Castagno, Santino and Conchillo, Mariano and Chiarotto, Guillermo and Rozas, Claudia and Zanellato, Claudio and Orlandi, Cristina and Balladini, Javier},
  booktitle={X Jornadas de Cloud Computing, Big Data \& Emerging Topics (La Plata, 2022)},
  year={2022}
}
@techreport{fette2011websocket,
  title={The websocket protocol},
  author={Fette, Ian and Melnikov, Alexey},
  year={2011}
}

@book{ristic2014bulletproof,
  title={Bulletproof SSL and TLS: Understanding and deploying SSL/TLS and PKI to secure servers and web applications},
  author={Ristic, Ivan},
  year={2014},
  publisher={Feisty Duck}
}

@techreport{cooper2008internet,
  title={Internet X. 509 public key infrastructure certificate and certificate revocation list (CRL) profile},
  author={Cooper, David and Santesson, Stefan and Farrell, Stephen and Boeyen, Sharon and Housley, Russell and Polk, William},
  year={2008}
}

@misc{tcp_package_manager,
  author = {Manuel Latorre},
  title = {TCP Package Manager},
  year = {2024},
  url = {https://www.npmjs.com/package/tcp-package-manager},
  note = {Versión 1.0.5, publicado hace 3 meses},
  howpublished = {\url{https://www.npmjs.com/package/tcp-package-manager}}
}
@misc{react-native-tcp-socket,
  author = {Rapsssito},
  title = {React Native TCP socket API for Android, iOS \& macOS with SSL/TLS support},
  year = {2024},
  howpublished = {\url{https://github.com/Rapsssito/react-native-tcp-socket}},
  note = {Accessed: 2024-06-16}
}

@book{martin2003agile,
  title={Agile software development: principles, patterns, and practices},
  author={Martin, Robert Cecil},
  year={2003},
  publisher={Prentice Hall PTR}
}

@article{tracy2002guidelines,
  title={Guidelines on Securing Public Web Servers Web Servers},
  author={Tracy, Miles and Jansen, Wayne and McLarnon, Mark},
  journal={NIST Special Publication},
  volume={800},
  pages={44},
  year={2002}
}

@misc{json_es, author = {Douglas Crockford}, title = {JSON (JavaScript Object Notation)}, howpublished = {\url{https://www.json.org/json-es.html}}, year = {2024}, note = {Accedido: 2024-12-02} }

@book{ecma262,
  author       = {Ecma International},
  title        = {ECMAScript Language Specification (ECMA-262)},
  year         = {2024},
  edition      = {15th},
  month        = {June},
  url          = {https://ecma-international.org/publications-and-standards/standards/ecma-262/},
  note         = {Accedido: 2024-12-02}
}
@techreport{chokhani2003internet,
  title={Internet X. 509 public key infrastructure certificate policy and certification practices framework},
  author={Chokhani, Santosh and Ford, Warwick and Sabett, Randy and Merrill, Charles and Wu, Stephen},
  year={2003}
}

@article{kumar2019security,
  title={Security Issues with Self-Signed SSL Certificates},
  author={Kumar, Rishabh and Perti, Ashwin},
  journal={International Journal of Innovative Technology and Exploring Engineering (IJITEE)},
  volume={8},
  number={7S2},
  pages={1-8},
  year={2019},
  publisher={Blue Eyes Intelligence Engineering & Sciences Publication}
}

@techreport{cooper2008internet,
  title={Internet X. 509 public key infrastructure certificate and certificate revocation list (CRL) profile},
  author={Cooper, David and Santesson, Stefan and Farrell, Stephen and Boeyen, Sharon and Housley, Russell and Polk, William},
  year={2008}
}
@article{linn2000trust,
  title={Trust Models and Management in Public Key Infrastructures},
  author={Linn, John},
  journal={Technical Notes and Reports of RSA Laboratories},
  year={2000}
}
@misc{housley1999rfc2459,
  title={RFC2459: Internet X. 509 public key infrastructure certificate and CRL profile},
  author={Housley, Russell and Ford, Warwick and Polk, W and Solo, David},
  year={1999},
  publisher={RFC Editor}
}
@book{10.5555/2584507,
author = {Kurose, James F. and Ross, Keith W.},
title = {Computer Networking: A Top-Down Approach (6th Edition)},
year = {2012},
isbn = {0132856204},
publisher = {Pearson},
edition = {6th},
abstract = {&Computer Networking continues with an early emphasis on application-layer paradigms and application programming interfaces (the top layer), encouraging a hands-on experience with protocols and networking concepts, before working down the protocol stack to more abstract layers. This book has become the dominant book for this course because of the authors reputations, the precision of explanation, the quality of the art program, and the value of their own supplements. Visit the authors blog for information and resources to discuss the newest edition, as well as valuable insights, teaching tips, and discussion about the field of Computer Networking http://kuroseross.com}
}